<record><leader>00000cas a22000007a 4500</leader><controlfield tag="001">11041997</controlfield><controlfield tag="008">840810c18859999wiuwr ne      0   a0eng d</controlfield><datafield ind1=" " ind2=" " tag="010"><subfield code="a">sn 84006847 </subfield></datafield><datafield ind1=" " ind2=" " tag="040"><subfield code="a">NSD</subfield><subfield code="b">eng</subfield><subfield code="c">NSD</subfield><subfield code="d">NPV</subfield><subfield code="d">OCLCQ</subfield></datafield><datafield ind1=" " ind2=" " tag="012"><subfield code="l">1</subfield><subfield code="m">1</subfield></datafield><datafield ind1="1" ind2=" " tag="022"><subfield code="a">0748-965X</subfield><subfield code="l">0748-965X</subfield><subfield code="2">1</subfield></datafield><datafield ind1=" " ind2=" " tag="032"><subfield code="a">139840</subfield><subfield code="b">USPS</subfield></datafield><datafield ind1=" " ind2=" " tag="037"><subfield code="b">Cumberland Advocate, Box 637, Cumberland, WI 54829</subfield></datafield><datafield ind1=" " ind2=" " tag="042"><subfield code="a">nsdp</subfield></datafield><datafield ind1=" " ind2="0" tag="222"><subfield code="a">Cumberland advocate</subfield></datafield><datafield ind1="0" ind2="0" tag="245"><subfield code="a">Cumberland advocate.</subfield></datafield><datafield ind1="1" ind2="3" tag="246"><subfield code="a">Advocate</subfield></datafield><datafield ind1="1" ind2="3" tag="246"><subfield code="a">Farm advocate</subfield></datafield><datafield ind1="1" ind2="3" tag="246"><subfield code="a">Morgan's farm advocate</subfield></datafield><datafield ind1="1" ind2="3" tag="246"><subfield code="a">Organized farmer</subfield></datafield><datafield ind1=" " ind2=" " tag="260"><subfield code="a">Cumberland, Wis. :</subfield><subfield code="b">S.S. Hull,</subfield><subfield code="c">1885-</subfield></datafield><datafield ind1=" " ind2=" " tag="300"><subfield code="a">v. :</subfield><subfield code="b">ill.</subfield></datafield><datafield ind1=" " ind2=" " tag="310"><subfield code="a">Weekly</subfield></datafield><datafield ind1="0" ind2=" " tag="362"><subfield code="a">Vol. 1, no. 1 (Apr. 2, 1885)-</subfield></datafield><datafield ind1=" " ind2=" " tag="500"><subfield code="a">Publisher varies.</subfield></datafield><datafield ind1=" " ind2=" " tag="500"><subfield code="a">Added masthead: Morgan's Farm Advocate, Vol. 10, no. 27 (Aug. 29, 1895)--v. 13, no. 35 (Oct. 28, 1897).</subfield></datafield><datafield ind1=" " ind2=" " tag="500"><subfield code="a">Added masthead: The Farm Advocate, Vol. 13, no. 36 (Nov. 4, 1897)--v. 15,no. 14 (May 26, 1898).</subfield></datafield><datafield ind1=" " ind2=" " tag="500"><subfield code="a">Added masthead: The Organized Farmer, Jan. 18, 1934-Dec. 5, 1935.</subfield></datafield><datafield ind1=" " ind2=" " tag="525"><subfield code="a">Supplements accompany some issues.</subfield></datafield><datafield ind1=" " ind2=" " tag="752"><subfield code="a">United States</subfield><subfield code="b">Wisconsin</subfield><subfield code="c">Barron</subfield><subfield code="d">Cumberland.</subfield></datafield><datafield ind1="0" ind2="0" tag="780"><subfield code="t">Cumberland herald</subfield><subfield code="w">(DLC)sn 86086104</subfield></datafield><datafield ind1="1" ind2=" " tag="029"><subfield code="a">AU@</subfield><subfield code="b">000025803979</subfield></datafield></record>